@misc{weart2009discovery,
  title={The Discovery of Global Warming: The Public and Climate change (cont.--since 1980)},
  author={Weart, S},
  year={2009}
}

@misc{IPCC,
  title={Global Warming of 1.5 ÂºC},
  author={IPCC},
  year={2018}
}

@article{hillebrand1999biovolume,
  title={Biovolume calculation for pelagic and benthic microalgae},
  author={Hillebrand, Helmut and D{\"u}rselen, Claus-Dieter and Kirschtel, David and Pollingher, Utsa and Zohary, Tamar},
  journal={Journal of phycology},
  volume={35},
  number={2},
  pages={403--424},
  year={1999},
  publisher={Wiley Online Library}
}

@article{reiss2008existing,
  title={Existing in plenty: abundance, biomass and diversity of ciliates and meiofauna in small streams},
  author={Reiss, Julia and Schmid-araya, Jenny M},
  journal={Freshwater Biology},
  volume={53},
  number={4},
  pages={652--668},
  year={2008},
  publisher={Wiley Online Library}
}

@article{arnell1996effects,
  title={The effects of climate change due to global warming on river flows in Great Britain},
  author={Arnell, NW and Reynard, NS},
  journal={Journal of hydrology},
  volume={183},
  number={3-4},
  pages={397--424},
  year={1996},
  publisher={Elsevier}
}

@article{carpenter1992global,
  title={Global change and freshwater ecosystems},
  author={Carpenter, Stephen R and Fisher, Stuart G and Grimm, Nancy B and Kitchell, James F},
  journal={Annual Review of Ecology and Systematics},
  volume={23},
  number={1},
  pages={119--139},
  year={1992},
  publisher={Annual Reviews 4139 El Camino Way, PO Box 10139, Palo Alto, CA 94303-0139, USA}
}


@article{yvon2011warming,
  title={Warming alters the size spectrum and shifts the distribution of biomass in freshwater ecosystems},
  author={Yvon-Durocher, Gabriel and Montoya, Jos{\'e} M and Trimmer, Mark and Woodward, GUY},
  journal={Global change biology},
  volume={17},
  number={4},
  pages={1681--1694},
  year={2011},
  publisher={Wiley Online Library}
}


@article{rebecca,
  title={Global Warming in Freshwaters:Implications for the Microbial-Meiofaunal Loop},
  author={Rebecca Stewart},
  year={2012}
}

@article{sheridan2011shrinking,
  title={Shrinking body size as an ecological response to climate change},
  author={Sheridan, Jennifer A and Bickford, David},
  journal={Nature climate change},
  volume={1},
  number={8},
  pages={401},
  year={2011},
  publisher={Nature Publishing Group}
}

@article{walters2006temperature,
  title={The temperature-size rule in ectotherms: may a general explanation exist after all?},
  author={Walters, Richard John and Hassall, Mark},
  journal={The American Naturalist},
  volume={167},
  number={4},
  pages={510--523},
  year={2006},
  publisher={The University of Chicago Press}
}

@article{huxley1950relative,
  title={Relative growth and form transformation},
  author={Huxley, Julian Sorell},
  journal={Proceedings of the Royal Society of London. Series B-Biological Sciences},
  volume={137},
  number={889},
  pages={465--469},
  year={1950},
  publisher={The Royal Society London}
}


@article{peters1983effect,
  title={The effect of body size on animal abundance},
  author={Peters, Robert Henry and Wassenberg, Karen},
  journal={Oecologia},
  volume={60},
  number={1},
  pages={89--96},
  year={1983},
  publisher={Springer}
}

@article{plante1989production,
  title={Production of freshwater invertebrate populations in lakes},
  author={Plante, Celine and Downing, John A},
  journal={Canadian Journal of Fisheries and Aquatic Sciences},
  volume={46},
  number={9},
  pages={1489--1498},
  year={1989},
  publisher={NRC Research Press}
}

@article{johnson2004model,
  title={Model selection in ecology and evolution},
  author={Johnson, Jerald B and Omland, Kristian S},
  journal={Trends in ecology \& evolution},
  volume={19},
  number={2},
  pages={101--108},
  year={2004},
  publisher={Elsevier}
}


@article{wagenmakers2004aic,
  title={AIC model selection using Akaike weights},
  author={Wagenmakers, Eric-Jan and Farrell, Simon},
  journal={Psychonomic bulletin \& review},
  volume={11},
  number={1},
  pages={192--196},
  year={2004},
  publisher={Springer}
}

@article{aho2014model,
  title={Model selection for ecologists: the worldviews of AIC and BIC},
  author={Aho, Ken and Derryberry, DeWayne and Peterson, Teri},
  journal={Ecology},
  volume={95},
  number={3},
  pages={631--636},
  year={2014},
  publisher={Wiley Online Library}
}

