@article{ohlberger2018bayesian,
  title={A Bayesian life-cycle model to estimate escapement at maximum sustained yield in salmon based on limited information},
  author={Ohlberger, Jan and Brenkman, Samuel J and Crain, Patrick and Pess, George R and Duda, Jeffrey J and Buehrens, Thomas W and Quinn, Thomas P and Hilborn, Ray},
  journal={Canadian Journal of Fisheries and Aquatic Sciences},
  number={999},
  pages={1--9},
  year={2018},
  publisher={NRC Research Press}
}

@article{verspoor2007atlantic,
  title={Atlantic salmon--Salmo salar},
  author={Verspoor, E and Olesen, I and Bentsen, HB and Glover, K and McGinnity, P and Norris, A},
  journal={Sv{\"a}sand, T., Crosetti, D., Garcia-Vazques, E., Verspoor, E.(lead editors) Genetic impact of aquaculture activities on native populations},
  volume={6},
  year={2007}
}

@article{chaput2012overview,
  title={Overview of the status of Atlantic salmon (Salmo salar) in the North Atlantic and trends in marine mortality},
  author={Chaput, G{\'e}rald},
  journal={ICES Journal of Marine Science},
  volume={69},
  number={9},
  pages={1538--1548},
  year={2012},
  publisher={Oxford University Press}
}

@article{parrish1998aren,
  title={Why aren't there more Atlantic salmon (Salmo salar)?},
  author={Parrish, Donna L and Behnke, Robert J and Gephard, Stephen R and McCormick, Stephen D and Reeves, Gordon H},
  journal={Canadian Journal of Fisheries and Aquatic Sciences},
  volume={55},
  number={S1},
  pages={281--287},
  year={1998},
  publisher={NRC Research Press}
}

@article{brohan2006uncertainty,
  title={Uncertainty estimates in regional and global observed temperature changes: A new data set from 1850},
  author={Brohan, Phillip and Kennedy, John J and Harris, Ian and Tett, Simon FB and Jones, Phil D},
  journal={Journal of Geophysical Research: Atmospheres},
  volume={111},
  number={D12},
  year={2006},
  publisher={Wiley Online Library}
}

@article{metcalfe1990determinants,
  title={Determinants of geographical variation in the age of seaward-migrating salmon, Salmo salar},
  author={Metcalfe, NB and Thorpe, JE},
  journal={The Journal of Animal Ecology},
  pages={135--145},
  year={1990},
  publisher={JSTOR}
}

@article{scarnecchia1983age,
  title={Age at sexual maturity in Icelandic stocks of Atlantic salmon (Salmo salar)},
  author={Scarnecchia, Dennis L},
  journal={Canadian Journal of Fisheries and Aquatic Sciences},
  volume={40},
  number={9},
  pages={1456--1468},
  year={1983},
  publisher={NRC Research Press}
}

